@inproceedings{wang2012system,
  title={A system for real-time twitter sentiment analysis of 2012 us presidential election cycle},
  author={Wang, Hao and Can, Dogan and Kazemzadeh, Abe and Bar, Fran{\c{c}}ois and Narayanan, Shrikanth},
  booktitle={Proceedings of the ACL 2012 System Demonstrations},
  pages={115--120},
  year={2012},
  organization={Association for Computational Linguistics}
}

@article{bermingham2011using,
  title={On using Twitter to monitor political sentiment and predict election results},
  author={Bermingham, Adam and Smeaton, Alan F},
  year={2011}
}

@inproceedings{pak2010twitter,
  title={Twitter as a Corpus for Sentiment Analysis and Opinion Mining.},
  author={Pak, Alexander and Paroubek, Patrick},
  booktitle={LREc},
  volume={10},
  pages={1320--1326},
  year={2010}
}

@inproceedings{skoric2012tweets,
  title={Tweets and votes: A study of the 2011 singapore general election},
  author={Skoric, Marko and Poor, Nathaniel and Achananuparp, Palakorn and Lim, Ee-Peng and Jiang, Jing},
  booktitle={System Science (HICSS), 2012 45th Hawaii International Conference on},
  pages={2583--2591},
  year={2012},
  organization={IEEE}
}

@article{yu2015world,
  title={World Cup 2014 in the Twitter World: A big data analysis of sentiments in US sports fansâ€™ tweets},
  author={Yu, Yang and Wang, Xiao},
  journal={Computers in Human Behavior},
  volume={48},
  pages={392--400},
  year={2015},
  publisher={Elsevier}
}

@article{cukier2013rise,
  title={Rise of Big Data: How it's Changing the Way We Think about the World, The},
  author={Cukier, Kenneth and Mayer-Schoenberger, Viktor},
  journal={Foreign Aff.},
  volume={92},
  pages={28},
  year={2013},
  publisher={HeinOnline}
}

@article{liu2012sentiment,
  title={Sentiment analysis and opinion mining},
  author={Liu, Bing},
  journal={Synthesis lectures on human language technologies},
  volume={5},
  number={1},
  pages={1--167},
  year={2012},
  publisher={Morgan \& Claypool Publishers}
}

@article{simon1954bandwagon,
  title={Bandwagon and underdog effects and the possibility of election predictions},
  author={Simon, Herbert A},
  journal={Public Opinion Quarterly},
  volume={18},
  number={3},
  pages={245--253},
  year={1954},
  publisher={AAPOR}
}
